@inproceedings{businge2019studying,
  title={Studying android app popularity by cross-linking github and google play store},
  author={Businge, John and Openja, Moses and Kavaler, David and Bainomugisha, Engineer and Khomh, Foutse and Filkov, Vladimir},
  booktitle={2019 IEEE 26th international conference on software analysis, evolution and reengineering (SANER)},
  pages={287--297},
  year={2019},
  organization={IEEE}
}

@inproceedings{yan2014real,
  title={Real-time sensing on android},
  author={Yan, Yin and Cosgrove, Shaun and Blantont, Ethan and Ko, Steven Y and Ziarek, Lukasz},
  booktitle={Proceedings of the 12th International Workshop on Java Technologies for Real-time and Embedded Systems},
  pages={67--75},
  year={2014}
}

@incollection{sabiyath2020enhanced,
  title={Enhanced Performance of Android Application Using RecyclerView},
  author={Sabiyath Fatima, N and Steffy, D and Stella, D and Nandhini Devi, S},
  booktitle={Advanced Computing and Intelligent Engineering: Proceedings of ICACIE 2018, Volume 2},
  pages={189--199},
  year={2020},
  publisher={Springer}
}

@book{tahir2013learning,
  title={Learning Android Canvas},
  author={Tahir, Mir Nauman},
  year={2013},
  publisher={Packt Publishing}
}

@article{egilmez2017user,
  title={User-aware frame rate management in android smartphones},
  author={Egilmez, Begum and Schuchhardt, Matthew and Memik, Gokhan and Ayoub, Raid and Soundararajan, Niranjan and Kishinevsky, Michael},
  journal={ACM Transactions on Embedded Computing Systems (TECS)},
  volume={16},
  number={5s},
  pages={1--17},
  year={2017},
  publisher={ACM New York, NY, USA}
}

@inproceedings{rountev2014static,
  title={Static reference analysis for GUI objects in Android software},
  author={Rountev, Atanas and Yan, Dacong},
  booktitle={Proceedings of Annual IEEE/ACM International Symposium on Code Generation and Optimization},
  pages={143--153},
  year={2014}
}

@inproceedings{wu2017appcheck,
  title={AppCheck: a crowdsourced testing service for android applications},
  author={Wu, Guoquan and Cao, Yuzhong and Chen, Wei and Wei, Jun and Zhong, Hua and Huang, Tao},
  booktitle={2017 IEEE International Conference on Web Services (ICWS)},
  pages={253--260},
  year={2017},
  organization={IEEE}
}

@inproceedings{fan2018efficiently,
  title={Efficiently manifesting asynchronous programming errors in android apps},
  author={Fan, Lingling and Su, Ting and Chen, Sen and Meng, Guozhu and Liu, Yang and Xu, Lihua and Pu, Geguang},
  booktitle={Proceedings of the 33rd ACM/IEEE International Conference on Automated Software Engineering},
  pages={486--497},
  year={2018}
}

@incollection{mawlood2022listview,
  title={ListView, ScrollList, Date and Time Pickers, and RecyclerView},
  author={Mawlood-Yunis, Abdul-Rahman},
  booktitle={Android for Java Programmers},
  pages={279--324},
  year={2022},
  publisher={Springer}
}

@article{张春明2002显示器刷新率的测试以及逐行显示器的辨别方法,
  title={显示器刷新率的测试以及逐行显示器的辨别方法},
  author={张春明 and 廖云 and others},
  journal={数码影像},
  number={6},
  pages={61--62},
  year={2002}
}

@book{goransson2014efficient,
  title={Efficient android threading: Asynchronous processing techniques for android applications},
  author={Goransson, Anders},
  year={2014},
  publisher={" O'Reilly Media, Inc."}
}

@article{谢新洲2019短视频火爆背后的问题分析,
  title={短视频火爆背后的问题分析},
  author={谢新洲 and 朱垚颖},
  journal={出版科学},
  volume={27},
  number={1},
  pages={86},
  year={2019}
}

@inproceedings{aljarrah2016maintaining,
  title={Maintaining user interface integrity on Android},
  author={AlJarrah, Abeer and Shehab, Mohamed},
  booktitle={2016 IEEE 40th Annual Computer Software and Applications Conference (COMPSAC)},
  volume={1},
  pages={449--458},
  year={2016},
  organization={IEEE}
}

@inproceedings{yun2017reducing,
  title={Reducing latency by eliminating synchrony},
  author={Yun, Min Hong and He, Songtao and Zhong, Lin},
  booktitle={Proceedings of the 26th International Conference on World Wide Web},
  pages={331--340},
  year={2017}
}

@article{anderson1971vertical,
  title={The Vertical Interval: A General-Purpose Transmission Path},
  author={Anderson, Ted V},
  journal={IEEE Transactions on Broadcasting},
  number={3},
  pages={77--82},
  year={1971},
  publisher={IEEE}
}