@article{test,
  author    = {Leslie Lamport},
  title     = {{\LaTeX}: A Document Preparation System},
  journal   = {Addison-Wesley Series on Tools and Techniques for Computer T},
  year      = {1986},
  volume    = {2},
  number    = {3},
  pages     = {94},
  publisher = {Addison-Wesley}
}